@Misc{Broberg-haskell-src-exts,
  author = {Niklas Broberg},
  title = {The {haskell-src-exts} Package, Version 1.13.3},
  howpublished = {\url|http://hackage.haskell.org/package/haskell-src-exts-1.13.3|},
  month = may,
  year = 2012,
}

@Article{Hughes00SCP,
  author = {John Hughes},
  title = {Generalising Monads to Arrows},
  journal = {Science of Computer Programming},
  volume = 37,
  number = {1--3},
  pages = {67-111},
  month = may,
  year = 2000,
}

@Misc{GHC,
  author = {{GHC Team}},
  title = {{Glasgow} {Haskell} {Compiler} {(GHC)}},
  howpublished = {\url|http://www.haskell.org/ghc/|},
}

@InProceedings{HudHugPeyWad07HOPL,
  author = {Paul Hudak and John Hughes and Peyton Jones, Simon and Philip Wadler},
  title = {A History of {Haskell}: Being Lazy with Class},
  booktitle = {Proceedings of the Third ACM SIGPLAN Conference on History of Programming Languages (HOPL)},
  pages = {{12-1}-{12-55}},
  month = jun,
  year = 2007,
}

@Misc{KliMasMos-SQCT,
  author = {Vadym Kliuchnikov and Dmitri Maslov and Michele Mosca},
  title = {{Single Qubit Circuit Toolkit}},
  howpublished = {\url|https://code.google.com/p/sqct/|},
}

@Misc{KliMasMos13,
  author = {Vadym Kliuchnikov and Dmitri Maslov and Michele Mosca},
  title = {Fast and Efficient Exact Synthesis of Single Qubit Unitaries Generated by {Clifford} and {T} Gates},
  month = feb,
  year = 2013,
  howpublished = {{arXiv}:1206.5236v4 [quant-ph]},
}

@Misc{QCViewer,
  author = {{QCViewer Authors, Institute for Quantum Computing, University of Waterloo}},
  title = {{QCViewer}},
  howpublished = {\url|http://qcirc.iqc.uwaterloo.ca/index.php?n=Projects.QCViewer|},
}

@InProceedings{SwiDup96AFP,
  author = {S. Doaitse Swierstra and Luc Duponcheel},
  title = {Deterministic, Error-Correcting Combinator Parsers},
  booktitle = {Advanced Functional Programming: Second International School, Tutorial Text},
  series = {Lecture Notes in Computer Science},
  volume = 1129,
  pages = {184-207},
  month = aug,
  year = 1996,
}

@InProceedings{Wadler95AFP,
  author = {Philip Wadler},
  title = {Monads for Functional Programming},
  booktitle = {Advanced Functional Programming: First International Spring School on Advanced Functional Programming Techniques, Tutorial Text},
  series = {Lecture Notes in Computer Science},
  volume = 925,
  pages = {24-52},
  month = may,
  year = 1995,
}
